<?xml version="1.0" encoding="UTF-8"?><collection><record><leader>07520ntm a2200685 a 4500</leader><controlfield tag="001">006836617</controlfield><controlfield tag="003">MiAaHDL</controlfield><controlfield tag="005">20190719000000.0</controlfield><controlfield tag="006">m        d        </controlfield><controlfield tag="007">cr bn ---auaua</controlfield><controlfield tag="008">090708s1899    xx            00| ||per d</controlfield><datafield tag="035" ind1=" " ind2=" "><subfield code="a">(MiU)006836617</subfield></datafield><datafield tag="035" ind1=" " ind2=" "><subfield code="a">sdr-miu006836617</subfield></datafield><datafield tag="040" ind1=" " ind2=" "><subfield code="a">MiU</subfield><subfield code="c">MiU</subfield><subfield code="e">amremm</subfield></datafield><datafield tag="043" ind1=" " ind2=" "><subfield code="a">n-us-mi</subfield></datafield><datafield tag="100" ind1="0" ind2=" "><subfield code="6">880-01</subfield><subfield code="a">Jalāl al-Dīn Rūmī,</subfield><subfield code="c">Maulana,</subfield><subfield code="d">1207-1273.</subfield></datafield><datafield tag="240" ind1="1" ind2="0"><subfield code="6">880-02</subfield><subfield code="a">Mas̲navī.</subfield></datafield><datafield tag="245" ind1="1" ind2="0"><subfield code="6">880-03</subfield><subfield code="a">Kitāb al-Mas̲navī al-Mawlavī al-maʻnavī,</subfield><subfield code="f">[1316, i.e. 1899].</subfield></datafield><datafield tag="246" ind1="3" ind2=" "><subfield code="6">880-05</subfield><subfield code="a">مثنوى معنوى</subfield></datafield><datafield tag="246" ind1="3" ind2=" "><subfield code="6">880-04</subfield><subfield code="a">مثنوى مولاوى معنوى</subfield></datafield><datafield tag="246" ind1="3" ind2=" "><subfield code="a">Mathnawī al-Mawlawī al-maʻnawī</subfield></datafield><datafield tag="246" ind1="3" ind2=" "><subfield code="a">Mas̲navī al-Mawlavī al-maʻnavī</subfield></datafield><datafield tag="246" ind1="3" ind2=" "><subfield code="a">كتاب المثنوى المولاوى المعنوى</subfield></datafield><datafield tag="260" ind1=" " ind2=" "><subfield code="c">[1899].</subfield></datafield><datafield tag="300" ind1=" " ind2=" "><subfield code="a">335 leaves :</subfield><subfield code="b">paper ;</subfield><subfield code="c">263 x 190 (184 x 113) mm.</subfield></datafield><datafield tag="500" ind1=" " ind2=" "><subfield code="a">Shelfmark: Ann Arbor, University of Michigan, Special Collections Library, Isl. Ms. 861</subfield></datafield><datafield tag="500" ind1=" " ind2=" "><subfield code="a">Origin: As appears in colophon at the close of each book, copied by ʻAṭāʼ Allāh al-Ḥusaynī al-Hamadānī (عطاء الله الحسینی الهمدانی). As appears in colophon on p.108, transcription of first book (المجلد الاول) completed 14 Shaʻbān 1314 [ca. 18 January 1897]. As appears in colophon on p.205, transcription of the second book (المجلد الثانى) completed Rajab 1315 [November-December 1897]. As appears in colophon on p.332, transcription of the third book (المجلد الثالث) completed 25 Ramaḍān 1315 [ca. 17 February 1898]. As appears in colophon on p.435, transcription of the fourth book (المجلد الرابع) completed in Jumādá I 1316 [September-October 1898]. As appears in colophon on p.548, transcription of the fifth book (المجلد الخامس) completed 19 Shaʻbān 1316 [ca. 2 January 1899]. As appears in final colophon on p.670, transcription of sixth book (المجلد السادس), Khātimah and entire work completed Shawwāl 1316 [February-March 1899].</subfield></datafield><datafield tag="500" ind1=" " ind2=" "><subfield code="a">Accompanying materials: a. Slip with note "Persian MSS (Heyworth-Dunne?) with Meredith-Owens notes" -- b. Slip with note "Counted for 1968/69 Annual Report" -- c. Slip with notes in hand of G. Meredith-Owens "MO. 5. Mas̲navī of Rūmī copied by ʻAṭāʼullāh al-Ḥusainī al-Hamadānī in 1316"</subfield></datafield><datafield tag="500" ind1=" " ind2=" "><subfield code="a">Former shelfmark: Mich. Isl. Ms. temp. no. 10</subfield></datafield><datafield tag="500" ind1=" " ind2=" "><subfield code="a">Binding: Boards covered in black leather with straight grain appearance (appears to have been grained by boarding) ; reminiscent of Type II binding with flap, though flap extends from upper cover and rests outside the lower cover where it is fixed with a metal clasp with pin catch closure ; board linings and hinges in shell marbled paper (mainly in pink, blue and yellow) ; upper and lower covers carry blind-tooled rule-borders ; fore edge of text block purple-flecked ; sewn in dark red and bright green thread, four stations ; stuck-on endbands in red leather ; overall in fairly good condition with minor abrasion and staining.</subfield></datafield><datafield tag="500" ind1=" " ind2=" "><subfield code="a">Support: European wove paper, beige in color, highly burnished.</subfield></datafield><datafield tag="500" ind1=" " ind2=" "><subfield code="a">Decoration: Elegant illuminated headpiece (ʻunwān / sarlawḥ) at opening of each book (mujallad / daftar) following the dībāchah (see pp.4, 112, 210, "438" [338], 438, 550) ; pieces vary in shape (though mainly large w-shaped pieces) but are similar in coloration, for example at opening on p.4, headpiece consists of a vertically elongated w-shaped piece filled with swirling floral vegetal decoration in lavender, orange-red and blue on a gold ground with white, blue and turquoise accents, set in an elaborate well of gold, blue, turquoise, red and black bands (others include rectangular piece setting off the basmalah) ; written area surrounded by frame consisting of a heavy gold band defined by black fillets with innermost red rule and outermost blue rule, divisions within (and outer margin) defined by narrow gold bands outlined in black fillets ; section headings rubricated or in blue ink.</subfield></datafield><datafield tag="500" ind1=" " ind2=" "><subfield code="a">Script: Naskh ; exquisite Persianate hand ; partially but irregularly seriffed with curvilinear descenders (some swooping), pointing in distinct dots, superscripting of final words and letters, mainly open counters, partially vocalized ; headings in seriffed tawqīʻ, fully vocalized.</subfield></datafield><datafield tag="500" ind1=" " ind2=" "><subfield code="a">Layout: Written mainly in 24 lines per page, with written area divided to four columns ; frame-ruled.</subfield></datafield><datafield tag="500" ind1=" " ind2=" "><subfield code="a">Collation: i, IV (8), 2 III+1(22), 10 IV(102), IV+1 (111), 6 IV(159), III (165), IV+2 (175), 5 IV(215), IV+2 (225), 6 IV(273), 2 IV+1(291), 4 IV(323), V (333), I (335), i ; chiefly quaternions ; catch title (المجلد الاول, المجلد الثانى, الخ) at the head of each page ; some leaves left blank between the close of one book and dībāchah of the next book ; catchwords present ; pagination in pencil, Western numerals, supplied during digitization (includes flyleaves).</subfield></datafield><datafield tag="500" ind1=" " ind2=" "><subfield code="a">Colophon: "Scribal," triangular, reads "الحمد لله الذى وفقنى بتسويد وتحرير هذه النسخة الشريفة فى يوم السبت من شهر شوال المكرم في سنه ۱۳۱۶ وانا العبد المذنب عطاء الله الحسينى الهمدانى غفر الله له ولوالديه امين"</subfield></datafield><datafield tag="500" ind1=" " ind2=" "><subfield code="a">Explicit: "قصه کوته کن که رفتم در حجاب هین خمش و الله اعلم بالصواب ... کرد شش باشد همیشه زان هوا"</subfield></datafield><datafield tag="500" ind1=" " ind2=" "><subfield code="a">Incipit: "بشنو از نی چون حکایت میکند از جداییها شکایت میکند ..."</subfield></datafield><datafield tag="500" ind1=" " ind2=" "><subfield code="a">Title from colophons on pp. 205, 332, and 548.</subfield></datafield><datafield tag="500" ind1=" " ind2=" "><subfield code="a">Ms. codex.</subfield></datafield><datafield tag="510" ind1="4" ind2=" "><subfield code="a">Cat. Pers. MSS. Brit. Mus.,</subfield><subfield code="c">p.584 ff.</subfield></datafield><datafield tag="520" ind1="8" ind2=" "><subfield code="a">Elegant copy of Mawlānā Jalāl al-Dīn Rūmī’s celebrated didactic poetical work in double verses.</subfield></datafield><datafield tag="538" ind1=" " ind2=" "><subfield code="a">Mode of access: Internet.</subfield></datafield><datafield tag="541" ind1=" " ind2=" "><subfield code="c">Gift ;</subfield><subfield code="a">Acquired from Frank E. Nuttall (1875-1943) ;</subfield><subfield code="d">Received: 12-11-54</subfield></datafield><datafield tag="546" ind1=" " ind2=" "><subfield code="a">Persian.</subfield></datafield><datafield tag="561" ind1=" " ind2=" "><subfield code="a">Possible former inventory marks on front flyleaf (p.1) and 'title page' (p.3) "۲۸" etc. ; note on flyleaf refers to declaration of independence by Azerbaijan on 28 May 1918 "٢٨ مايس ١٩١٨ اذربايجان جمهورتنك اعلان استقلالى" ; on final leaf (p.671, left blank) accession details in pencil "Rare Book Room | Gift | Source Unknown | 12-11-54" ; notabilia (side-heads) clarifying difficult terms.</subfield></datafield><datafield tag="650" ind1=" " ind2="0"><subfield code="a">Manuscripts, Persian</subfield><subfield code="z">Michigan</subfield><subfield code="z">Ann Arbor.</subfield></datafield><datafield tag="650" ind1=" " ind2="0"><subfield code="a">Masnavis, Persian</subfield><subfield code="v">Early works to 1800.</subfield></datafield><datafield tag="650" ind1=" " ind2="0"><subfield code="a">Persian poetry</subfield><subfield code="y">747-1500.</subfield></datafield><datafield tag="650" ind1=" " ind2="0"><subfield code="a">Sufi poetry, Persian</subfield><subfield code="v">Early works to 1800.</subfield></datafield><datafield tag="655" ind1=" " ind2="7"><subfield code="a">Headpieces (layout features)</subfield><subfield code="y">19th century.</subfield><subfield code="2">aat</subfield></datafield><datafield tag="700" ind1="1" ind2=" "><subfield code="a">Nuttall, Frank E.,</subfield><subfield code="d">1875-1943,</subfield><subfield code="e">former owner.</subfield></datafield><datafield tag="700" ind1="0" ind2=" "><subfield code="6">880-07</subfield><subfield code="a">ʻAṭāʼ Allāh al-Ḥusaynī al-Hamadānī,</subfield><subfield code="d">fl. 1899,</subfield><subfield code="e">scribe.</subfield></datafield><datafield tag="773" ind1="0" ind2=" "><subfield code="a">F. E. Nuttall Collection.</subfield></datafield><datafield tag="880" ind1="0" ind2=" "><subfield code="6">700-07/</subfield><subfield code="a">عطاء الله الحسينى الهمدانى,</subfield><subfield code="e">ناسخ.</subfield></datafield><datafield tag="880" ind1="3" ind2=" "><subfield code="6">246-05/</subfield><subfield code="a">Mas̲navī-i maʻnavī</subfield></datafield><datafield tag="880" ind1="3" ind2=" "><subfield code="6">246-04/</subfield><subfield code="a">Mas̲navī-i Mawlavī-i maʻnavī</subfield></datafield><datafield tag="880" ind1="1" ind2="0"><subfield code="6">245-03/</subfield><subfield code="a">کتاب المثنوی المولاوی المعنوی,</subfield><subfield code="f">[1316ه، 1899م].</subfield></datafield><datafield tag="880" ind1="1" ind2="0"><subfield code="6">240-02/</subfield><subfield code="a">مثنوى</subfield></datafield><datafield tag="880" ind1="0" ind2=" "><subfield code="6">100-01/</subfield><subfield code="a">جلال الدين رومي,</subfield><subfield code="c">مولانا.</subfield></datafield><datafield tag="CID" ind1=" " ind2=" "><subfield code="a">006836617</subfield></datafield><datafield tag="DAT" ind1="0" ind2=" "><subfield code="a">20190719102641.0</subfield><subfield code="b">20190719000000.0</subfield></datafield><datafield tag="DAT" ind1="1" ind2=" "><subfield code="a">20190719090653.0</subfield><subfield code="b">2019-07-19T16:10:54Z</subfield></datafield><datafield tag="DAT" ind1="2" ind2=" "><subfield code="a">2015-10-02T18:00:03Z</subfield></datafield><datafield tag="CAT" ind1=" " ind2=" "><subfield code="a">SDR-MIU</subfield><subfield code="d">EX LIBRIS - ALEPH</subfield><subfield code="l">prepare.pl-004-008</subfield></datafield><datafield tag="FMT" ind1=" " ind2=" "><subfield code="a">BK</subfield></datafield><datafield tag="HOL" ind1=" " ind2=" "><subfield code="0">sdr-miu006836617</subfield><subfield code="a">MiU</subfield><subfield code="b">SDR</subfield><subfield code="c">MIU</subfield><subfield code="p">mdp.39015079132380</subfield><subfield code="s">MIU</subfield><subfield code="1">006836617</subfield></datafield><datafield tag="974" ind1=" " ind2=" "><subfield code="b">MIU</subfield><subfield code="c">MIU</subfield><subfield code="d">20190719</subfield><subfield code="s">lit-dlps-dc</subfield><subfield code="u">mdp.39015079132380</subfield><subfield code="y">1899</subfield><subfield code="r">pd</subfield><subfield code="q">exp</subfield></datafield></record></collection>